[
    {
        "id": 295641,
        "price": "318.00000000",
        "qty": "6.83000000",
        "quoteQty": "2171.94000000",
        "time": 1653978140375,
        "isBuyerMaker": false,
        "isBestMatch": true
    },
    {
        "id": 295642,
        "price": "318.00000000",
        "qty": "5.79000000",
        "quoteQty": "1841.22000000",
        "time": 1653978141311,
        "isBuyerMaker": false,
        "isBestMatch": true
    },
    {
        "id": 295643,
        "price": "318.00000000",
        "qty": "7.30000000",
        "quoteQty": "2321.40000000",
        "time": 1653978142390,
        "isBuyerMaker": false,
        "isBestMatch": true
    },
    {
        "id": 295644,
        "price": "318.00000000",
        "qty": "9.22000000",
        "quoteQty": "2931.96000000",
        "time": 1653978143423,
        "isBuyerMaker": false,
        "isBestMatch": true
    },
    {
        "id": 295645,
        "price": "318.00000000",
        "qty": "7.49000000",
        "quoteQty": "2381.82000000",
        "time": 1653978144395,
        "isBuyerMaker": false,
        "isBestMatch": true
    },
    {
        "id": 295646,
        "price": "318.00000000",
        "qty": "6.07000000",
        "quoteQty": "1930.26000000",
        "time": 1653978145363,
        "isBuyerMaker": false,
        "isBestMatch": true
    },
    {
        "id": 295647,
        "price": "318.00000000",
        "qty": "8.12000000",
        "quoteQty": "2582.16000000",
        "time": 1653978146378,
        "isBuyerMaker": false,
        "isBestMatch": true
    },
    {
        "id": 295648,
        "price": "318.00000000",
        "qty": "7.74000000",
        "quoteQty": "2461.32000000",
        "time": 1653978147377,
        "isBuyerMaker": false,
        "isBestMatch": true
    },
    {
        "id": 295649,
        "price": "318.00000000",
        "qty": "9.25000000",
        "quoteQty": "2941.50000000",
        "time": 1653978148364,
        "isBuyerMaker": false,
        "isBestMatch": true
    },
    {
        "id": 295650,
        "price": "318.00000000",
        "qty": "8.94000000",
        "quoteQty": "2842.92000000",
        "time": 1653978149361,
        "isBuyerMaker": false,
        "isBestMatch": true
    },
    {
        "id": 295651,
        "price": "318.00000000",
        "qty": "7.77000000",
        "quoteQty": "2470.86000000",
        "time": 1653978150380,
        "isBuyerMaker": false,
        "isBestMatch": true
    },
    {
        "id": 295652,
        "price": "318.00000000",
        "qty": "6.39000000",
        "quoteQty": "2032.02000000",
        "time": 1653978151378,
        "isBuyerMaker": false,
        "isBestMatch": true
    },
    {
        "id": 295653,
        "price": "318.00000000",
        "qty": "7.39000000",
        "quoteQty": "2350.02000000",
        "time": 1653978152312,
        "isBuyerMaker": false,
        "isBestMatch": true
    },
    {
        "id": 295654,
        "price": "318.00000000",
        "qty": "6.61000000",
        "quoteQty": "2101.98000000",
        "time": 1653978153425,
        "isBuyerMaker": false,
        "isBestMatch": true
    },
    {
        "id": 295655,
        "price": "318.00000000",
        "qty": "7.84000000",
        "quoteQty": "2493.12000000",
        "time": 1653978154313,
        "isBuyerMaker": false,
        "isBestMatch": true
    },
    {
        "id": 295656,
        "price": "318.00000000",
        "qty": "7.43000000",
        "quoteQty": "2362.74000000",
        "time": 1653978155309,
        "isBuyerMaker": false,
        "isBestMatch": true
    },
    {
        "id": 295657,
        "price": "318.00000000",
        "qty": "7.24000000",
        "quoteQty": "2302.32000000",
        "time": 1653978156440,
        "isBuyerMaker": false,
        "isBestMatch": true
    },
    {
        "id": 295658,
        "price": "318.00000000",
        "qty": "7.05000000",
        "quoteQty": "2241.90000000",
        "time": 1653978159360,
        "isBuyerMaker": false,
        "isBestMatch": true
    },
    {
        "id": 295659,
        "price": "318.00000000",
        "qty": "8.62000000",
        "quoteQty": "2741.16000000",
        "time": 1653978160366,
        "isBuyerMaker": false,
        "isBestMatch": true
    },
    {
        "id": 295660,
        "price": "318.00000000",
        "qty": "7.05000000",
        "quoteQty": "2241.90000000",
        "time": 1653978161371,
        "isBuyerMaker": false,
        "isBestMatch": true
    },
    {
        "id": 295661,
        "price": "318.00000000",
        "qty": "5.89000000",
        "quoteQty": "1873.02000000",
        "time": 1653978162381,
        "isBuyerMaker": false,
        "isBestMatch": true
    },
    {
        "id": 295662,
        "price": "318.00000000",
        "qty": "5.98000000",
        "quoteQty": "1901.64000000",
        "time": 1653978163359,
        "isBuyerMaker": false,
        "isBestMatch": true
    },
    {
        "id": 295663,
        "price": "318.00000000",
        "qty": "5.67000000",
        "quoteQty": "1803.06000000",
        "time": 1653978165310,
        "isBuyerMaker": false,
        "isBestMatch": true
    },
    {
        "id": 295664,
        "price": "318.00000000",
        "qty": "7.62000000",
        "quoteQty": "2423.16000000",
        "time": 1653978184312,
        "isBuyerMaker": false,
        "isBestMatch": true
    },
    {
        "id": 295665,
        "price": "317.80000000",
        "qty": "4.75000000",
        "quoteQty": "1509.55000000",
        "time": 1653978211316,
        "isBuyerMaker": false,
        "isBestMatch": true
    },
    {
        "id": 295666,
        "price": "317.80000000",
        "qty": "4.07000000",
        "quoteQty": "1293.44600000",
        "time": 1653978211346,
        "isBuyerMaker": false,
        "isBestMatch": true
    },
    {
        "id": 295667,
        "price": "317.90000000",
        "qty": "7.87000000",
        "quoteQty": "2501.87300000",
        "time": 1653978215313,
        "isBuyerMaker": false,
        "isBestMatch": true
    },
    {
        "id": 295668,
        "price": "318.00000000",
        "qty": "5.63000000",
        "quoteQty": "1790.34000000",
        "time": 1653978219313,
        "isBuyerMaker": false,
        "isBestMatch": true
    },
    {
        "id": 295669,
        "price": "318.00000000",
        "qty": "5.60000000",
        "quoteQty": "1780.80000000",
        "time": 1653978220315,
        "isBuyerMaker": false,
        "isBestMatch": true
    },
    {
        "id": 295670,
        "price": "318.00000000",
        "qty": "6.67000000",
        "quoteQty": "2121.06000000",
        "time": 1653978221312,
        "isBuyerMaker": false,
        "isBestMatch": true
    },
    {
        "id": 295671,
        "price": "318.00000000",
        "qty": "9.28000000",
        "quoteQty": "2951.04000000",
        "time": 1653978222313,
        "isBuyerMaker": false,
        "isBestMatch": true
    },
    {
        "id": 295672,
        "price": "318.00000000",
        "qty": "4.88000000",
        "quoteQty": "1551.84000000",
        "time": 1653978223403,
        "isBuyerMaker": false,
        "isBestMatch": true
    },
    {
        "id": 295673,
        "price": "318.00000000",
        "qty": "6.51000000",
        "quoteQty": "2070.18000000",
        "time": 1653978224315,
        "isBuyerMaker": false,
        "isBestMatch": true
    },
    {
        "id": 295674,
        "price": "318.00000000",
        "qty": "5.00000000",
        "quoteQty": "1590.00000000",
        "time": 1653978225374,
        "isBuyerMaker": false,
        "isBestMatch": true
    },
    {
        "id": 295675,
        "price": "318.00000000",
        "qty": "8.46000000",
        "quoteQty": "2690.28000000",
        "time": 1653978226312,
        "isBuyerMaker": false,
        "isBestMatch": true
    },
    {
        "id": 295676,
        "price": "318.00000000",
        "qty": "7.39000000",
        "quoteQty": "2350.02000000",
        "time": 1653978227314,
        "isBuyerMaker": false,
        "isBestMatch": true
    },
    {
        "id": 295677,
        "price": "318.00000000",
        "qty": "5.41000000",
        "quoteQty": "1720.38000000",
        "time": 1653978228370,
        "isBuyerMaker": false,
        "isBestMatch": true
    },
    {
        "id": 295678,
        "price": "318.00000000",
        "qty": "4.97000000",
        "quoteQty": "1580.46000000",
        "time": 1653978229404,
        "isBuyerMaker": false,
        "isBestMatch": true
    },
    {
        "id": 295679,
        "price": "318.00000000",
        "qty": "9.44000000",
        "quoteQty": "3001.92000000",
        "time": 1653978230314,
        "isBuyerMaker": false,
        "isBestMatch": true
    },
    {
        "id": 295680,
        "price": "318.00000000",
        "qty": "5.41000000",
        "quoteQty": "1720.38000000",
        "time": 1653978231316,
        "isBuyerMaker": false,
        "isBestMatch": true
    },
    {
        "id": 295681,
        "price": "318.00000000",
        "qty": "5.00000000",
        "quoteQty": "1590.00000000",
        "time": 1653978232314,
        "isBuyerMaker": false,
        "isBestMatch": true
    },
    {
        "id": 295682,
        "price": "318.00000000",
        "qty": "7.99000000",
        "quoteQty": "2540.82000000",
        "time": 1653978233432,
        "isBuyerMaker": false,
        "isBestMatch": true
    },
    {
        "id": 295683,
        "price": "318.00000000",
        "qty": "6.80000000",
        "quoteQty": "2162.40000000",
        "time": 1653978234364,
        "isBuyerMaker": false,
        "isBestMatch": true
    },
    {
        "id": 295684,
        "price": "318.00000000",
        "qty": "8.53000000",
        "quoteQty": "2712.54000000",
        "time": 1653978235388,
        "isBuyerMaker": false,
        "isBestMatch": true
    },
    {
        "id": 295685,
        "price": "318.00000000",
        "qty": "5.89000000",
        "quoteQty": "1873.02000000",
        "time": 1653978236405,
        "isBuyerMaker": false,
        "isBestMatch": true
    },
    {
        "id": 295686,
        "price": "318.00000000",
        "qty": "5.63000000",
        "quoteQty": "1790.34000000",
        "time": 1653978244317,
        "isBuyerMaker": false,
        "isBestMatch": true
    },
    {
        "id": 295687,
        "price": "318.00000000",
        "qty": "6.23000000",
        "quoteQty": "1981.14000000",
        "time": 1653978245400,
        "isBuyerMaker": false,
        "isBestMatch": true
    },
    {
        "id": 295688,
        "price": "318.00000000",
        "qty": "5.32000000",
        "quoteQty": "1691.76000000",
        "time": 1653978246315,
        "isBuyerMaker": false,
        "isBestMatch": true
    },
    {
        "id": 295689,
        "price": "318.00000000",
        "qty": "8.40000000",
        "quoteQty": "2671.20000000",
        "time": 1653978247405,
        "isBuyerMaker": false,
        "isBestMatch": true
    },
    {
        "id": 295690,
        "price": "318.00000000",
        "qty": "8.72000000",
        "quoteQty": "2772.96000000",
        "time": 1653978248315,
        "isBuyerMaker": false,
        "isBestMatch": true
    },
    {
        "id": 295691,
        "price": "318.00000000",
        "qty": "5.54000000",
        "quoteQty": "1761.72000000",
        "time": 1653978249456,
        "isBuyerMaker": false,
        "isBestMatch": true
    },
    {
        "id": 295692,
        "price": "318.00000000",
        "qty": "7.27000000",
        "quoteQty": "2311.86000000",
        "time": 1653978250383,
        "isBuyerMaker": false,
        "isBestMatch": true
    },
    {
        "id": 295693,
        "price": "318.00000000",
        "qty": "7.55000000",
        "quoteQty": "2400.90000000",
        "time": 1653978251315,
        "isBuyerMaker": false,
        "isBestMatch": true
    },
    {
        "id": 295694,
        "price": "318.00000000",
        "qty": "5.60000000",
        "quoteQty": "1780.80000000",
        "time": 1653978252398,
        "isBuyerMaker": false,
        "isBestMatch": true
    },
    {
        "id": 295695,
        "price": "318.00000000",
        "qty": "7.05000000",
        "quoteQty": "2241.90000000",
        "time": 1653978253379,
        "isBuyerMaker": false,
        "isBestMatch": true
    },
    {
        "id": 295696,
        "price": "318.00000000",
        "qty": "4.78000000",
        "quoteQty": "1520.04000000",
        "time": 1653978254315,
        "isBuyerMaker": false,
        "isBestMatch": true
    },
    {
        "id": 295697,
        "price": "318.00000000",
        "qty": "6.42000000",
        "quoteQty": "2041.56000000",
        "time": 1653978261318,
        "isBuyerMaker": false,
        "isBestMatch": true
    },
    {
        "id": 295698,
        "price": "318.00000000",
        "qty": "6.51000000",
        "quoteQty": "2070.18000000",
        "time": 1653978262313,
        "isBuyerMaker": false,
        "isBestMatch": true
    },
    {
        "id": 295699,
        "price": "318.00000000",
        "qty": "8.65000000",
        "quoteQty": "2750.70000000",
        "time": 1653978263314,
        "isBuyerMaker": false,
        "isBestMatch": true
    },
    {
        "id": 295700,
        "price": "318.00000000",
        "qty": "6.48000000",
        "quoteQty": "2060.64000000",
        "time": 1653978264398,
        "isBuyerMaker": false,
        "isBestMatch": true
    },
    {
        "id": 295701,
        "price": "318.00000000",
        "qty": "8.75000000",
        "quoteQty": "2782.50000000",
        "time": 1653978265314,
        "isBuyerMaker": false,
        "isBestMatch": true
    },
    {
        "id": 295702,
        "price": "318.00000000",
        "qty": "8.90000000",
        "quoteQty": "2830.20000000",
        "time": 1653978268316,
        "isBuyerMaker": false,
        "isBestMatch": true
    },
    {
        "id": 295703,
        "price": "318.00000000",
        "qty": "6.42000000",
        "quoteQty": "2041.56000000",
        "time": 1653978269315,
        "isBuyerMaker": false,
        "isBestMatch": true
    },
    {
        "id": 295704,
        "price": "318.00000000",
        "qty": "8.50000000",
        "quoteQty": "2703.00000000",
        "time": 1653978270318,
        "isBuyerMaker": false,
        "isBestMatch": true
    },
    {
        "id": 295705,
        "price": "318.00000000",
        "qty": "6.64000000",
        "quoteQty": "2111.52000000",
        "time": 1653978271439,
        "isBuyerMaker": false,
        "isBestMatch": true
    },
    {
        "id": 295706,
        "price": "318.00000000",
        "qty": "7.96000000",
        "quoteQty": "2531.28000000",
        "time": 1653978272317,
        "isBuyerMaker": false,
        "isBestMatch": true
    },
    {
        "id": 295707,
        "price": "318.00000000",
        "qty": "6.48000000",
        "quoteQty": "2060.64000000",
        "time": 1653978273407,
        "isBuyerMaker": false,
        "isBestMatch": true
    },
    {
        "id": 295708,
        "price": "318.00000000",
        "qty": "5.70000000",
        "quoteQty": "1812.60000000",
        "time": 1653978274316,
        "isBuyerMaker": false,
        "isBestMatch": true
    },
    {
        "id": 295709,
        "price": "318.00000000",
        "qty": "4.82000000",
        "quoteQty": "1532.76000000",
        "time": 1653978275414,
        "isBuyerMaker": false,
        "isBestMatch": true
    },
    {
        "id": 295710,
        "price": "318.00000000",
        "qty": "7.33000000",
        "quoteQty": "2330.94000000",
        "time": 1653978276318,
        "isBuyerMaker": false,
        "isBestMatch": true
    },
    {
        "id": 295711,
        "price": "318.00000000",
        "qty": "6.39000000",
        "quoteQty": "2032.02000000",
        "time": 1653978277315,
        "isBuyerMaker": false,
        "isBestMatch": true
    },
    {
        "id": 295712,
        "price": "318.00000000",
        "qty": "9.16000000",
        "quoteQty": "2912.88000000",
        "time": 1653978278387,
        "isBuyerMaker": false,
        "isBestMatch": true
    },
    {
        "id": 295713,
        "price": "318.00000000",
        "qty": "8.62000000",
        "quoteQty": "2741.16000000",
        "time": 1653978279365,
        "isBuyerMaker": false,
        "isBestMatch": true
    },
    {
        "id": 295714,
        "price": "318.00000000",
        "qty": "9.25000000",
        "quoteQty": "2941.50000000",
        "time": 1653978280380,
        "isBuyerMaker": false,
        "isBestMatch": true
    },
    {
        "id": 295715,
        "price": "318.00000000",
        "qty": "6.33000000",
        "quoteQty": "2012.94000000",
        "time": 1653978281373,
        "isBuyerMaker": false,
        "isBestMatch": true
    },
    {
        "id": 295716,
        "price": "318.00000000",
        "qty": "5.35000000",
        "quoteQty": "1701.30000000",
        "time": 1653978282384,
        "isBuyerMaker": false,
        "isBestMatch": true
    },
    {
        "id": 295717,
        "price": "318.00000000",
        "qty": "8.59000000",
        "quoteQty": "2731.62000000",
        "time": 1653978283318,
        "isBuyerMaker": false,
        "isBestMatch": true
    },
    {
        "id": 295718,
        "price": "318.00000000",
        "qty": "5.57000000",
        "quoteQty": "1771.26000000",
        "time": 1653978284394,
        "isBuyerMaker": false,
        "isBestMatch": true
    },
    {
        "id": 295719,
        "price": "318.00000000",
        "qty": "5.76000000",
        "quoteQty": "1831.68000000",
        "time": 1653978285314,
        "isBuyerMaker": false,
        "isBestMatch": true
    },
    {
        "id": 295720,
        "price": "318.00000000",
        "qty": "7.05000000",
        "quoteQty": "2241.90000000",
        "time": 1653978286319,
        "isBuyerMaker": false,
        "isBestMatch": true
    },
    {
        "id": 295721,
        "price": "318.00000000",
        "qty": "7.02000000",
        "quoteQty": "2232.36000000",
        "time": 1653978286332,
        "isBuyerMaker": false,
        "isBestMatch": true
    },
    {
        "id": 295722,
        "price": "318.00000000",
        "qty": "6.17000000",
        "quoteQty": "1962.06000000",
        "time": 1653978287317,
        "isBuyerMaker": false,
        "isBestMatch": true
    },
    {
        "id": 295723,
        "price": "318.00000000",
        "qty": "5.29000000",
        "quoteQty": "1682.22000000",
        "time": 1653978287334,
        "isBuyerMaker": false,
        "isBestMatch": true
    },
    {
        "id": 295724,
        "price": "318.00000000",
        "qty": "5.32000000",
        "quoteQty": "1691.76000000",
        "time": 1653978288320,
        "isBuyerMaker": false,
        "isBestMatch": true
    },
    {
        "id": 295725,
        "price": "318.00000000",
        "qty": "6.77000000",
        "quoteQty": "2152.86000000",
        "time": 1653978288330,
        "isBuyerMaker": false,
        "isBestMatch": true
    },
    {
        "id": 295726,
        "price": "318.00000000",
        "qty": "8.02000000",
        "quoteQty": "2550.36000000",
        "time": 1653978289322,
        "isBuyerMaker": false,
        "isBestMatch": true
    },
    {
        "id": 295727,
        "price": "318.00000000",
        "qty": "8.31000000",
        "quoteQty": "2642.58000000",
        "time": 1653978289334,
        "isBuyerMaker": false,
        "isBestMatch": true
    },
    {
        "id": 295728,
        "price": "318.00000000",
        "qty": "7.96000000",
        "quoteQty": "2531.28000000",
        "time": 1653978290403,
        "isBuyerMaker": false,
        "isBestMatch": true
    },
    {
        "id": 295729,
        "price": "318.00000000",
        "qty": "6.20000000",
        "quoteQty": "1971.60000000",
        "time": 1653978290414,
        "isBuyerMaker": false,
        "isBestMatch": true
    },
    {
        "id": 295730,
        "price": "318.00000000",
        "qty": "7.71000000",
        "quoteQty": "2451.78000000",
        "time": 1653978291405,
        "isBuyerMaker": false,
        "isBestMatch": true
    },
    {
        "id": 295731,
        "price": "318.00000000",
        "qty": "8.08000000",
        "quoteQty": "2569.44000000",
        "time": 1653978292408,
        "isBuyerMaker": false,
        "isBestMatch": true
    },
    {
        "id": 295732,
        "price": "318.00000000",
        "qty": "6.54000000",
        "quoteQty": "2079.72000000",
        "time": 1653978293319,
        "isBuyerMaker": false,
        "isBestMatch": true
    },
    {
        "id": 295733,
        "price": "318.00000000",
        "qty": "5.70000000",
        "quoteQty": "1812.60000000",
        "time": 1653978293331,
        "isBuyerMaker": false,
        "isBestMatch": true
    },
    {
        "id": 295734,
        "price": "318.00000000",
        "qty": "6.80000000",
        "quoteQty": "2162.40000000",
        "time": 1653978294448,
        "isBuyerMaker": false,
        "isBestMatch": true
    },
    {
        "id": 295735,
        "price": "318.00000000",
        "qty": "5.10000000",
        "quoteQty": "1621.80000000",
        "time": 1653978294461,
        "isBuyerMaker": false,
        "isBestMatch": true
    },
    {
        "id": 295736,
        "price": "318.00000000",
        "qty": "7.90000000",
        "quoteQty": "2512.20000000",
        "time": 1653978295318,
        "isBuyerMaker": false,
        "isBestMatch": true
    },
    {
        "id": 295737,
        "price": "318.00000000",
        "qty": "4.88000000",
        "quoteQty": "1551.84000000",
        "time": 1653978295331,
        "isBuyerMaker": false,
        "isBestMatch": true
    },
    {
        "id": 295738,
        "price": "318.00000000",
        "qty": "4.94000000",
        "quoteQty": "1570.92000000",
        "time": 1653978296321,
        "isBuyerMaker": false,
        "isBestMatch": true
    },
    {
        "id": 295739,
        "price": "318.00000000",
        "qty": "5.51000000",
        "quoteQty": "1752.18000000",
        "time": 1653978296332,
        "isBuyerMaker": false,
        "isBestMatch": true
    },
    {
        "id": 295740,
        "price": "318.00000000",
        "qty": "7.74000000",
        "quoteQty": "2461.32000000",
        "time": 1653978297317,
        "isBuyerMaker": false,
        "isBestMatch": true
    },
    {
        "id": 295741,
        "price": "318.00000000",
        "qty": "8.09000000",
        "quoteQty": "2572.62000000",
        "time": 1653978297328,
        "isBuyerMaker": false,
        "isBestMatch": true
    },
    {
        "id": 295742,
        "price": "318.00000000",
        "qty": "5.16000000",
        "quoteQty": "1640.88000000",
        "time": 1653978298418,
        "isBuyerMaker": false,
        "isBestMatch": true
    },
    {
        "id": 295743,
        "price": "318.00000000",
        "qty": "8.43000000",
        "quoteQty": "2680.74000000",
        "time": 1653978298430,
        "isBuyerMaker": false,
        "isBestMatch": true
    },
    {
        "id": 295744,
        "price": "318.00000000",
        "qty": "5.32000000",
        "quoteQty": "1691.76000000",
        "time": 1653978299420,
        "isBuyerMaker": false,
        "isBestMatch": true
    },
    {
        "id": 295745,
        "price": "318.00000000",
        "qty": "4.75000000",
        "quoteQty": "1510.50000000",
        "time": 1653978300319,
        "isBuyerMaker": false,
        "isBestMatch": true
    },
    {
        "id": 295746,
        "price": "318.00000000",
        "qty": "6.11000000",
        "quoteQty": "1942.98000000",
        "time": 1653978300333,
        "isBuyerMaker": false,
        "isBestMatch": true
    },
    {
        "id": 295747,
        "price": "318.00000000",
        "qty": "6.17000000",
        "quoteQty": "1962.06000000",
        "time": 1653978301416,
        "isBuyerMaker": false,
        "isBestMatch": true
    },
    {
        "id": 295748,
        "price": "318.00000000",
        "qty": "5.70000000",
        "quoteQty": "1812.60000000",
        "time": 1653978301436,
        "isBuyerMaker": false,
        "isBestMatch": true
    },
    {
        "id": 295749,
        "price": "318.00000000",
        "qty": "4.97000000",
        "quoteQty": "1580.46000000",
        "time": 1653978302416,
        "isBuyerMaker": false,
        "isBestMatch": true
    },
    {
        "id": 295750,
        "price": "318.00000000",
        "qty": "7.71000000",
        "quoteQty": "2451.78000000",
        "time": 1653978302429,
        "isBuyerMaker": false,
        "isBestMatch": true
    },
    {
        "id": 295751,
        "price": "318.00000000",
        "qty": "6.07000000",
        "quoteQty": "1930.26000000",
        "time": 1653978303326,
        "isBuyerMaker": false,
        "isBestMatch": true
    },
    {
        "id": 295752,
        "price": "318.00000000",
        "qty": "5.95000000",
        "quoteQty": "1892.10000000",
        "time": 1653978303342,
        "isBuyerMaker": false,
        "isBestMatch": true
    },
    {
        "id": 295753,
        "price": "318.00000000",
        "qty": "7.08000000",
        "quoteQty": "2251.44000000",
        "time": 1653978304384,
        "isBuyerMaker": false,
        "isBestMatch": true
    },
    {
        "id": 295754,
        "price": "318.00000000",
        "qty": "5.92000000",
        "quoteQty": "1882.56000000",
        "time": 1653978304398,
        "isBuyerMaker": false,
        "isBestMatch": true
    },
    {
        "id": 295755,
        "price": "318.00000000",
        "qty": "6.20000000",
        "quoteQty": "1971.60000000",
        "time": 1653978305319,
        "isBuyerMaker": false,
        "isBestMatch": true
    },
    {
        "id": 295756,
        "price": "318.00000000",
        "qty": "6.80000000",
        "quoteQty": "2162.40000000",
        "time": 1653978305332,
        "isBuyerMaker": false,
        "isBestMatch": true
    },
    {
        "id": 295757,
        "price": "318.00000000",
        "qty": "9.44000000",
        "quoteQty": "3001.92000000",
        "time": 1653978306315,
        "isBuyerMaker": false,
        "isBestMatch": true
    },
    {
        "id": 295758,
        "price": "318.00000000",
        "qty": "7.02000000",
        "quoteQty": "2232.36000000",
        "time": 1653978306329,
        "isBuyerMaker": false,
        "isBestMatch": true
    },
    {
        "id": 295759,
        "price": "318.00000000",
        "qty": "6.70000000",
        "quoteQty": "2130.60000000",
        "time": 1653978307317,
        "isBuyerMaker": false,
        "isBestMatch": true
    },
    {
        "id": 295760,
        "price": "318.00000000",
        "qty": "4.97000000",
        "quoteQty": "1580.46000000",
        "time": 1653978308317,
        "isBuyerMaker": false,
        "isBestMatch": true
    },
    {
        "id": 295761,
        "price": "318.00000000",
        "qty": "7.43000000",
        "quoteQty": "2362.74000000",
        "time": 1653978308329,
        "isBuyerMaker": false,
        "isBestMatch": true
    },
    {
        "id": 295762,
        "price": "318.00000000",
        "qty": "7.71000000",
        "quoteQty": "2451.78000000",
        "time": 1653978309321,
        "isBuyerMaker": false,
        "isBestMatch": true
    },
    {
        "id": 295763,
        "price": "318.00000000",
        "qty": "7.46000000",
        "quoteQty": "2372.28000000",
        "time": 1653978309335,
        "isBuyerMaker": false,
        "isBestMatch": true
    },
    {
        "id": 295764,
        "price": "318.00000000",
        "qty": "5.63000000",
        "quoteQty": "1790.34000000",
        "time": 1653978310324,
        "isBuyerMaker": false,
        "isBestMatch": true
    },
    {
        "id": 295765,
        "price": "318.00000000",
        "qty": "4.85000000",
        "quoteQty": "1542.30000000",
        "time": 1653978310336,
        "isBuyerMaker": false,
        "isBestMatch": true
    },
    {
        "id": 295766,
        "price": "318.00000000",
        "qty": "5.69000000",
        "quoteQty": "1809.42000000",
        "time": 1653978311375,
        "isBuyerMaker": false,
        "isBestMatch": true
    },
    {
        "id": 295767,
        "price": "318.00000000",
        "qty": "7.86000000",
        "quoteQty": "2499.48000000",
        "time": 1653978311389,
        "isBuyerMaker": false,
        "isBestMatch": true
    },
    {
        "id": 295768,
        "price": "318.00000000",
        "qty": "7.83000000",
        "quoteQty": "2489.94000000",
        "time": 1653978312316,
        "isBuyerMaker": false,
        "isBestMatch": true
    },
    {
        "id": 295769,
        "price": "318.00000000",
        "qty": "7.02000000",
        "quoteQty": "2232.36000000",
        "time": 1653978312335,
        "isBuyerMaker": false,
        "isBestMatch": true
    },
    {
        "id": 295770,
        "price": "318.00000000",
        "qty": "8.99000000",
        "quoteQty": "2858.82000000",
        "time": 1653978313320,
        "isBuyerMaker": false,
        "isBestMatch": true
    },
    {
        "id": 295771,
        "price": "318.00000000",
        "qty": "8.86000000",
        "quoteQty": "2817.48000000",
        "time": 1653978313332,
        "isBuyerMaker": false,
        "isBestMatch": true
    },
    {
        "id": 295772,
        "price": "318.20000000",
        "qty": "7.20000000",
        "quoteQty": "2291.04000000",
        "time": 1653978329319,
        "isBuyerMaker": false,
        "isBestMatch": true
    },
    {
        "id": 295773,
        "price": "318.20000000",
        "qty": "5.16000000",
        "quoteQty": "1641.91200000",
        "time": 1653978339425,
        "isBuyerMaker": false,
        "isBestMatch": true
    },
    {
        "id": 295774,
        "price": "318.20000000",
        "qty": "6.45000000",
        "quoteQty": "2052.39000000",
        "time": 1653978362324,
        "isBuyerMaker": false,
        "isBestMatch": true
    },
    {
        "id": 295775,
        "price": "318.30000000",
        "qty": "5.35000000",
        "quoteQty": "1702.90500000",
        "time": 1653978368412,
        "isBuyerMaker": false,
        "isBestMatch": true
    },
    {
        "id": 295776,
        "price": "318.40000000",
        "qty": "5.28000000",
        "quoteQty": "1681.15200000",
        "time": 1653978369570,
        "isBuyerMaker": false,
        "isBestMatch": true
    },
    {
        "id": 295777,
        "price": "318.49000000",
        "qty": "0.12000000",
        "quoteQty": "38.21880000",
        "time": 1653978373374,
        "isBuyerMaker": false,
        "isBestMatch": true
    },
    {
        "id": 295778,
        "price": "318.50000000",
        "qty": "4.71000000",
        "quoteQty": "1500.13500000",
        "time": 1653978373374,
        "isBuyerMaker": false,
        "isBestMatch": true
    },
    {
        "id": 295779,
        "price": "318.60000000",
        "qty": "5.62000000",
        "quoteQty": "1790.53200000",
        "time": 1653978378407,
        "isBuyerMaker": false,
        "isBestMatch": true
    },
    {
        "id": 295780,
        "price": "318.70000000",
        "qty": "3.45000000",
        "quoteQty": "1099.51500000",
        "time": 1653978378407,
        "isBuyerMaker": false,
        "isBestMatch": true
    },
    {
        "id": 295781,
        "price": "318.20000000",
        "qty": "1.64000000",
        "quoteQty": "521.84800000",
        "time": 1653978417602,
        "isBuyerMaker": true,
        "isBestMatch": true
    },
    {
        "id": 295782,
        "price": "318.30000000",
        "qty": "6.38000000",
        "quoteQty": "2030.75400000",
        "time": 1653978422323,
        "isBuyerMaker": false,
        "isBestMatch": true
    },
    {
        "id": 295783,
        "price": "318.40000000",
        "qty": "1.51000000",
        "quoteQty": "480.78400000",
        "time": 1653978422323,
        "isBuyerMaker": false,
        "isBestMatch": true
    },
    {
        "id": 295784,
        "price": "318.50000000",
        "qty": "5.81000000",
        "quoteQty": "1850.48500000",
        "time": 1653978424422,
        "isBuyerMaker": false,
        "isBestMatch": true
    },
    {
        "id": 295785,
        "price": "318.60000000",
        "qty": "1.63000000",
        "quoteQty": "519.31800000",
        "time": 1653978429258,
        "isBuyerMaker": false,
        "isBestMatch": true
    },
    {
        "id": 295786,
        "price": "318.60000000",
        "qty": "5.81000000",
        "quoteQty": "1851.06600000",
        "time": 1653978440325,
        "isBuyerMaker": false,
        "isBestMatch": true
    },
    {
        "id": 295787,
        "price": "318.50000000",
        "qty": "4.87000000",
        "quoteQty": "1551.09500000",
        "time": 1653978470324,
        "isBuyerMaker": false,
        "isBestMatch": true
    },
    {
        "id": 295788,
        "price": "318.20000000",
        "qty": "6.54000000",
        "quoteQty": "2081.02800000",
        "time": 1653978523326,
        "isBuyerMaker": false,
        "isBestMatch": true
    },
    {
        "id": 295789,
        "price": "318.10000000",
        "qty": "1.63000000",
        "quoteQty": "518.50300000",
        "time": 1653978524187,
        "isBuyerMaker": true,
        "isBestMatch": true
    },
    {
        "id": 295790,
        "price": "318.20000000",
        "qty": "7.58000000",
        "quoteQty": "2411.95600000",
        "time": 1653978554593,
        "isBuyerMaker": false,
        "isBestMatch": true
    },
    {
        "id": 295791,
        "price": "318.20000000",
        "qty": "0.19000000",
        "quoteQty": "60.45800000",
        "time": 1653978554618,
        "isBuyerMaker": false,
        "isBestMatch": true
    },
    {
        "id": 295792,
        "price": "318.40000000",
        "qty": "1.62000000",
        "quoteQty": "515.80800000",
        "time": 1653978557791,
        "isBuyerMaker": false,
        "isBestMatch": true
    },
    {
        "id": 295793,
        "price": "318.40000000",
        "qty": "6.17000000",
        "quoteQty": "1964.52800000",
        "time": 1653978574329,
        "isBuyerMaker": false,
        "isBestMatch": true
    },
    {
        "id": 295794,
        "price": "318.50000000",
        "qty": "7.29000000",
        "quoteQty": "2321.86500000",
        "time": 1653978587448,
        "isBuyerMaker": false,
        "isBestMatch": true
    },
    {
        "id": 295795,
        "price": "318.50000000",
        "qty": "4.97000000",
        "quoteQty": "1582.94500000",
        "time": 1653978608467,
        "isBuyerMaker": false,
        "isBestMatch": true
    },
    {
        "id": 295796,
        "price": "318.60000000",
        "qty": "5.69000000",
        "quoteQty": "1812.83400000",
        "time": 1653978616331,
        "isBuyerMaker": false,
        "isBestMatch": true
    },
    {
        "id": 295797,
        "price": "318.70000000",
        "qty": "6.94000000",
        "quoteQty": "2211.77800000",
        "time": 1653978622334,
        "isBuyerMaker": false,
        "isBestMatch": true
    },
    {
        "id": 295798,
        "price": "318.70000000",
        "qty": "5.84000000",
        "quoteQty": "1861.20800000",
        "time": 1653978643333,
        "isBuyerMaker": false,
        "isBestMatch": true
    },
    {
        "id": 295799,
        "price": "318.80000000",
        "qty": "7.53000000",
        "quoteQty": "2400.56400000",
        "time": 1653978652549,
        "isBuyerMaker": false,
        "isBestMatch": true
    },
    {
        "id": 295800,
        "price": "318.90000000",
        "qty": "6.18000000",
        "quoteQty": "1970.80200000",
        "time": 1653978666525,
        "isBuyerMaker": false,
        "isBestMatch": true
    },
    {
        "id": 295801,
        "price": "319.00000000",
        "qty": "5.58000000",
        "quoteQty": "1780.02000000",
        "time": 1653978668334,
        "isBuyerMaker": false,
        "isBestMatch": true
    },
    {
        "id": 295802,
        "price": "319.00000000",
        "qty": "0.98000000",
        "quoteQty": "312.62000000",
        "time": 1653978668359,
        "isBuyerMaker": false,
        "isBestMatch": true
    },
    {
        "id": 295803,
        "price": "318.90000000",
        "qty": "1.62000000",
        "quoteQty": "516.61800000",
        "time": 1653978681572,
        "isBuyerMaker": true,
        "isBestMatch": true
    },
    {
        "id": 295804,
        "price": "318.80000000",
        "qty": "6.81000000",
        "quoteQty": "2171.02800000",
        "time": 1653978736472,
        "isBuyerMaker": false,
        "isBestMatch": true
    },
    {
        "id": 295805,
        "price": "318.90000000",
        "qty": "5.68000000",
        "quoteQty": "1811.35200000",
        "time": 1653978740338,
        "isBuyerMaker": false,
        "isBestMatch": true
    },
    {
        "id": 295806,
        "price": "318.90000000",
        "qty": "5.90000000",
        "quoteQty": "1881.51000000",
        "time": 1653978752418,
        "isBuyerMaker": false,
        "isBestMatch": true
    },
    {
        "id": 295807,
        "price": "318.60000000",
        "qty": "5.91000000",
        "quoteQty": "1882.92600000",
        "time": 1653978854341,
        "isBuyerMaker": false,
        "isBestMatch": true
    },
    {
        "id": 295808,
        "price": "318.60000000",
        "qty": "7.38000000",
        "quoteQty": "2351.26800000",
        "time": 1653978860493,
        "isBuyerMaker": false,
        "isBestMatch": true
    },
    {
        "id": 295809,
        "price": "318.50000000",
        "qty": "7.01000000",
        "quoteQty": "2232.68500000",
        "time": 1653978887576,
        "isBuyerMaker": false,
        "isBestMatch": true
    },
    {
        "id": 295810,
        "price": "318.00000000",
        "qty": "5.41000000",
        "quoteQty": "1720.38000000",
        "time": 1653978934346,
        "isBuyerMaker": false,
        "isBestMatch": true
    },
    {
        "id": 295811,
        "price": "318.00000000",
        "qty": "7.68000000",
        "quoteQty": "2442.24000000",
        "time": 1653978937511,
        "isBuyerMaker": false,
        "isBestMatch": true
    },
    {
        "id": 295812,
        "price": "318.00000000",
        "qty": "5.76000000",
        "quoteQty": "1831.68000000",
        "time": 1653978946550,
        "isBuyerMaker": false,
        "isBestMatch": true
    },
    {
        "id": 295813,
        "price": "317.85000000",
        "qty": "0.12000000",
        "quoteQty": "38.14200000",
        "time": 1653979001486,
        "isBuyerMaker": true,
        "isBestMatch": true
    },
    {
        "id": 295814,
        "price": "317.50000000",
        "qty": "6.37000000",
        "quoteQty": "2022.47500000",
        "time": 1653979028451,
        "isBuyerMaker": false,
        "isBestMatch": true
    },
    {
        "id": 295815,
        "price": "317.60000000",
        "qty": "4.79000000",
        "quoteQty": "1521.30400000",
        "time": 1653979029351,
        "isBuyerMaker": false,
        "isBestMatch": true
    },
    {
        "id": 295816,
        "price": "317.24000000",
        "qty": "0.70000000",
        "quoteQty": "222.06800000",
        "time": 1653979067401,
        "isBuyerMaker": true,
        "isBestMatch": true
    },
    {
        "id": 295817,
        "price": "317.21000000",
        "qty": "0.13000000",
        "quoteQty": "41.23730000",
        "time": 1653979067401,
        "isBuyerMaker": true,
        "isBestMatch": true
    },
    {
        "id": 295818,
        "price": "317.20000000",
        "qty": "7.78000000",
        "quoteQty": "2467.81600000",
        "time": 1653979069350,
        "isBuyerMaker": false,
        "isBestMatch": true
    },
    {
        "id": 295819,
        "price": "317.30000000",
        "qty": "1.24000000",
        "quoteQty": "393.45200000",
        "time": 1653979069350,
        "isBuyerMaker": false,
        "isBestMatch": true
    },
    {
        "id": 295820,
        "price": "317.00000000",
        "qty": "6.75000000",
        "quoteQty": "2139.75000000",
        "time": 1653979080349,
        "isBuyerMaker": false,
        "isBestMatch": true
    },
    {
        "id": 295821,
        "price": "317.00000000",
        "qty": "1.14000000",
        "quoteQty": "361.38000000",
        "time": 1653979080373,
        "isBuyerMaker": false,
        "isBestMatch": true
    },
    {
        "id": 295822,
        "price": "316.80000000",
        "qty": "7.08000000",
        "quoteQty": "2242.94400000",
        "time": 1653979108351,
        "isBuyerMaker": false,
        "isBestMatch": true
    },
    {
        "id": 295823,
        "price": "316.60000000",
        "qty": "6.51000000",
        "quoteQty": "2061.06600000",
        "time": 1653979124455,
        "isBuyerMaker": false,
        "isBestMatch": true
    },
    {
        "id": 295824,
        "price": "316.57000000",
        "qty": "0.13000000",
        "quoteQty": "41.15410000",
        "time": 1653979144410,
        "isBuyerMaker": true,
        "isBestMatch": true
    },
    {
        "id": 295825,
        "price": "316.50000000",
        "qty": "6.10000000",
        "quoteQty": "1930.65000000",
        "time": 1653979150560,
        "isBuyerMaker": false,
        "isBestMatch": true
    },
    {
        "id": 295826,
        "price": "316.60000000",
        "qty": "5.41000000",
        "quoteQty": "1712.80600000",
        "time": 1653979152356,
        "isBuyerMaker": false,
        "isBestMatch": true
    },
    {
        "id": 295827,
        "price": "316.30000000",
        "qty": "7.21000000",
        "quoteQty": "2280.52300000",
        "time": 1653979179355,
        "isBuyerMaker": false,
        "isBestMatch": true
    },
    {
        "id": 295828,
        "price": "316.20000000",
        "qty": "7.31000000",
        "quoteQty": "2311.42200000",
        "time": 1653979194547,
        "isBuyerMaker": false,
        "isBestMatch": true
    },
    {
        "id": 295829,
        "price": "316.14000000",
        "qty": "0.21000000",
        "quoteQty": "66.38940000",
        "time": 1653979201560,
        "isBuyerMaker": true,
        "isBestMatch": true
    },
    {
        "id": 295830,
        "price": "316.10000000",
        "qty": "6.00000000",
        "quoteQty": "1896.60000000",
        "time": 1653979209354,
        "isBuyerMaker": false,
        "isBestMatch": true
    },
    {
        "id": 295831,
        "price": "316.20000000",
        "qty": "5.10000000",
        "quoteQty": "1612.62000000",
        "time": 1653979211356,
        "isBuyerMaker": false,
        "isBestMatch": true
    },
    {
        "id": 295832,
        "price": "316.30000000",
        "qty": "6.80000000",
        "quoteQty": "2150.84000000",
        "time": 1653979212568,
        "isBuyerMaker": false,
        "isBestMatch": true
    },
    {
        "id": 295833,
        "price": "316.50000000",
        "qty": "1.63000000",
        "quoteQty": "515.89500000",
        "time": 1653979215104,
        "isBuyerMaker": false,
        "isBestMatch": true
    },
    {
        "id": 295834,
        "price": "316.30000000",
        "qty": "6.42000000",
        "quoteQty": "2030.64600000",
        "time": 1653979224355,
        "isBuyerMaker": false,
        "isBestMatch": true
    },
    {
        "id": 295835,
        "price": "316.40000000",
        "qty": "5.66000000",
        "quoteQty": "1790.82400000",
        "time": 1653979227424,
        "isBuyerMaker": false,
        "isBestMatch": true
    },
    {
        "id": 295836,
        "price": "316.50000000",
        "qty": "4.76000000",
        "quoteQty": "1506.54000000",
        "time": 1653979232423,
        "isBuyerMaker": false,
        "isBestMatch": true
    },
    {
        "id": 295837,
        "price": "316.60000000",
        "qty": "4.96000000",
        "quoteQty": "1570.33600000",
        "time": 1653979233357,
        "isBuyerMaker": false,
        "isBestMatch": true
    },
    {
        "id": 295838,
        "price": "316.70000000",
        "qty": "6.07000000",
        "quoteQty": "1922.36900000",
        "time": 1653979236355,
        "isBuyerMaker": false,
        "isBestMatch": true
    },
    {
        "id": 295839,
        "price": "316.80000000",
        "qty": "8.53000000",
        "quoteQty": "2702.30400000",
        "time": 1653979237423,
        "isBuyerMaker": false,
        "isBestMatch": true
    },
    {
        "id": 295840,
        "price": "316.89000000",
        "qty": "0.25000000",
        "quoteQty": "79.22250000",
        "time": 1653979239356,
        "isBuyerMaker": false,
        "isBestMatch": true
    },
    {
        "id": 295841,
        "price": "316.90000000",
        "qty": "7.80000000",
        "quoteQty": "2471.82000000",
        "time": 1653979239356,
        "isBuyerMaker": false,
        "isBestMatch": true
    },
    {
        "id": 295842,
        "price": "316.90000000",
        "qty": "6.13000000",
        "quoteQty": "1942.59700000",
        "time": 1653979245457,
        "isBuyerMaker": false,
        "isBestMatch": true
    },
    {
        "id": 295843,
        "price": "316.90000000",
        "qty": "5.43000000",
        "quoteQty": "1720.76700000",
        "time": 1653979260487,
        "isBuyerMaker": false,
        "isBestMatch": true
    },
    {
        "id": 295844,
        "price": "317.00000000",
        "qty": "5.71000000",
        "quoteQty": "1810.07000000",
        "time": 1653979263491,
        "isBuyerMaker": false,
        "isBestMatch": true
    },
    {
        "id": 295845,
        "price": "317.10000000",
        "qty": "5.27000000",
        "quoteQty": "1671.11700000",
        "time": 1653979267358,
        "isBuyerMaker": false,
        "isBestMatch": true
    },
    {
        "id": 295846,
        "price": "317.10000000",
        "qty": "1.52000000",
        "quoteQty": "481.99200000",
        "time": 1653979267382,
        "isBuyerMaker": false,
        "isBestMatch": true
    },
    {
        "id": 295847,
        "price": "317.20000000",
        "qty": "0.12000000",
        "quoteQty": "38.06400000",
        "time": 1653979268409,
        "isBuyerMaker": false,
        "isBestMatch": true
    },
    {
        "id": 295848,
        "price": "316.80000000",
        "qty": "0.85000000",
        "quoteQty": "269.28000000",
        "time": 1653979280780,
        "isBuyerMaker": true,
        "isBestMatch": true
    },
    {
        "id": 295849,
        "price": "316.70000000",
        "qty": "0.28000000",
        "quoteQty": "88.67600000",
        "time": 1653979280780,
        "isBuyerMaker": true,
        "isBestMatch": true
    },
    {
        "id": 295850,
        "price": "316.60000000",
        "qty": "0.50000000",
        "quoteQty": "158.30000000",
        "time": 1653979280780,
        "isBuyerMaker": true,
        "isBestMatch": true
    },
    {
        "id": 295851,
        "price": "316.90000000",
        "qty": "4.96000000",
        "quoteQty": "1571.82400000",
        "time": 1653979287360,
        "isBuyerMaker": false,
        "isBestMatch": true
    },
    {
        "id": 295852,
        "price": "317.00000000",
        "qty": "5.37000000",
        "quoteQty": "1702.29000000",
        "time": 1653979295446,
        "isBuyerMaker": false,
        "isBestMatch": true
    },
    {
        "id": 295853,
        "price": "317.10000000",
        "qty": "8.20000000",
        "quoteQty": "2600.22000000",
        "time": 1653979299362,
        "isBuyerMaker": false,
        "isBestMatch": true
    },
    {
        "id": 295854,
        "price": "317.20000000",
        "qty": "1.62000000",
        "quoteQty": "513.86400000",
        "time": 1653979299447,
        "isBuyerMaker": false,
        "isBestMatch": true
    },
    {
        "id": 295855,
        "price": "317.20000000",
        "qty": "4.72000000",
        "quoteQty": "1497.18400000",
        "time": 1653979303501,
        "isBuyerMaker": false,
        "isBestMatch": true
    },
    {
        "id": 295856,
        "price": "317.20000000",
        "qty": "5.93000000",
        "quoteQty": "1880.99600000",
        "time": 1653979327567,
        "isBuyerMaker": false,
        "isBestMatch": true
    },
    {
        "id": 295857,
        "price": "317.30000000",
        "qty": "4.98000000",
        "quoteQty": "1580.15400000",
        "time": 1653979329360,
        "isBuyerMaker": false,
        "isBestMatch": true
    },
    {
        "id": 295858,
        "price": "317.40000000",
        "qty": "7.76000000",
        "quoteQty": "2463.02400000",
        "time": 1653979336360,
        "isBuyerMaker": false,
        "isBestMatch": true
    },
    {
        "id": 295859,
        "price": "317.40000000",
        "qty": "6.46000000",
        "quoteQty": "2050.40400000",
        "time": 1653979354508,
        "isBuyerMaker": false,
        "isBestMatch": true
    },
    {
        "id": 295860,
        "price": "317.50000000",
        "qty": "7.06000000",
        "quoteQty": "2241.55000000",
        "time": 1653979357461,
        "isBuyerMaker": false,
        "isBestMatch": true
    },
    {
        "id": 295861,
        "price": "317.60000000",
        "qty": "5.07000000",
        "quoteQty": "1610.23200000",
        "time": 1653979363453,
        "isBuyerMaker": false,
        "isBestMatch": true
    },
    {
        "id": 295862,
        "price": "317.70000000",
        "qty": "5.51000000",
        "quoteQty": "1750.52700000",
        "time": 1653979369364,
        "isBuyerMaker": false,
        "isBestMatch": true
    },
    {
        "id": 295863,
        "price": "317.70000000",
        "qty": "6.96000000",
        "quoteQty": "2211.19200000",
        "time": 1653979375505,
        "isBuyerMaker": false,
        "isBestMatch": true
    },
    {
        "id": 295864,
        "price": "317.70000000",
        "qty": "1.70000000",
        "quoteQty": "540.09000000",
        "time": 1653979375532,
        "isBuyerMaker": false,
        "isBestMatch": true
    },
    {
        "id": 295865,
        "price": "317.50000000",
        "qty": "1.62000000",
        "quoteQty": "514.35000000",
        "time": 1653979389356,
        "isBuyerMaker": true,
        "isBestMatch": true
    },
    {
        "id": 295866,
        "price": "317.60000000",
        "qty": "4.79000000",
        "quoteQty": "1521.30400000",
        "time": 1653979392379,
        "isBuyerMaker": false,
        "isBestMatch": true
    },
    {
        "id": 295867,
        "price": "317.70000000",
        "qty": "4.12000000",
        "quoteQty": "1308.92400000",
        "time": 1653979392379,
        "isBuyerMaker": false,
        "isBestMatch": true
    },
    {
        "id": 295868,
        "price": "317.80000000",
        "qty": "5.45000000",
        "quoteQty": "1732.01000000",
        "time": 1653979394446,
        "isBuyerMaker": false,
        "isBestMatch": true
    },
    {
        "id": 295869,
        "price": "317.83000000",
        "qty": "0.12000000",
        "quoteQty": "38.13960000",
        "time": 1653979398216,
        "isBuyerMaker": false,
        "isBestMatch": true
    },
    {
        "id": 295870,
        "price": "317.90000000",
        "qty": "1.49000000",
        "quoteQty": "473.67100000",
        "time": 1653979398216,
        "isBuyerMaker": false,
        "isBestMatch": true
    },
    {
        "id": 295871,
        "price": "317.90000000",
        "qty": "5.97000000",
        "quoteQty": "1897.86300000",
        "time": 1653979405429,
        "isBuyerMaker": false,
        "isBestMatch": true
    },
    {
        "id": 295872,
        "price": "318.00000000",
        "qty": "5.89000000",
        "quoteQty": "1873.02000000",
        "time": 1653979411362,
        "isBuyerMaker": false,
        "isBestMatch": true
    },
    {
        "id": 295873,
        "price": "317.80000000",
        "qty": "1.61000000",
        "quoteQty": "511.65800000",
        "time": 1653979432455,
        "isBuyerMaker": true,
        "isBestMatch": true
    },
    {
        "id": 295874,
        "price": "317.90000000",
        "qty": "8.75000000",
        "quoteQty": "2781.62500000",
        "time": 1653979433364,
        "isBuyerMaker": false,
        "isBestMatch": true
    },
    {
        "id": 295875,
        "price": "318.00000000",
        "qty": "5.57000000",
        "quoteQty": "1771.26000000",
        "time": 1653979449366,
        "isBuyerMaker": false,
        "isBestMatch": true
    },
    {
        "id": 295876,
        "price": "317.90000000",
        "qty": "6.36000000",
        "quoteQty": "2021.84400000",
        "time": 1653979471367,
        "isBuyerMaker": false,
        "isBestMatch": true
    },
    {
        "id": 295877,
        "price": "317.80000000",
        "qty": "7.84000000",
        "quoteQty": "2491.55200000",
        "time": 1653979501724,
        "isBuyerMaker": false,
        "isBestMatch": true
    },
    {
        "id": 295878,
        "price": "317.80000000",
        "qty": "4.98000000",
        "quoteQty": "1582.64400000",
        "time": 1653979514369,
        "isBuyerMaker": false,
        "isBestMatch": true
    },
    {
        "id": 295879,
        "price": "317.90000000",
        "qty": "5.16000000",
        "quoteQty": "1640.36400000",
        "time": 1653979525372,
        "isBuyerMaker": false,
        "isBestMatch": true
    },
    {
        "id": 295880,
        "price": "318.00000000",
        "qty": "7.05000000",
        "quoteQty": "2241.90000000",
        "time": 1653979526369,
        "isBuyerMaker": false,
        "isBestMatch": true
    },
    {
        "id": 295881,
        "price": "318.10000000",
        "qty": "1.60000000",
        "quoteQty": "508.96000000",
        "time": 1653979527696,
        "isBuyerMaker": false,
        "isBestMatch": true
    },
    {
        "id": 295882,
        "price": "318.00000000",
        "qty": "7.43000000",
        "quoteQty": "2362.74000000",
        "time": 1653979550540,
        "isBuyerMaker": false,
        "isBestMatch": true
    },
    {
        "id": 295883,
        "price": "318.10000000",
        "qty": "3.12000000",
        "quoteQty": "992.47200000",
        "time": 1653979562482,
        "isBuyerMaker": false,
        "isBestMatch": true
    },
    {
        "id": 295884,
        "price": "318.20000000",
        "qty": "4.72000000",
        "quoteQty": "1501.90400000",
        "time": 1653979568469,
        "isBuyerMaker": false,
        "isBestMatch": true
    },
    {
        "id": 295885,
        "price": "318.00000000",
        "qty": "1.60000000",
        "quoteQty": "508.80000000",
        "time": 1653979591121,
        "isBuyerMaker": true,
        "isBestMatch": true
    },
    {
        "id": 295886,
        "price": "318.00000000",
        "qty": "5.13000000",
        "quoteQty": "1631.34000000",
        "time": 1653979608370,
        "isBuyerMaker": false,
        "isBestMatch": true
    },
    {
        "id": 295887,
        "price": "318.00000000",
        "qty": "6.45000000",
        "quoteQty": "2051.10000000",
        "time": 1653979650483,
        "isBuyerMaker": false,
        "isBestMatch": true
    },
    {
        "id": 295888,
        "price": "318.00000000",
        "qty": "4.91000000",
        "quoteQty": "1561.38000000",
        "time": 1653979674376,
        "isBuyerMaker": false,
        "isBestMatch": true
    },
    {
        "id": 295889,
        "price": "318.10000000",
        "qty": "5.29000000",
        "quoteQty": "1682.74900000",
        "time": 1653979686379,
        "isBuyerMaker": false,
        "isBestMatch": true
    },
    {
        "id": 295890,
        "price": "318.20000000",
        "qty": "7.45000000",
        "quoteQty": "2370.59000000",
        "time": 1653979690375,
        "isBuyerMaker": false,
        "isBestMatch": true
    },
    {
        "id": 295891,
        "price": "317.50000000",
        "qty": "1.57000000",
        "quoteQty": "498.47500000",
        "time": 1653979718518,
        "isBuyerMaker": false,
        "isBestMatch": true
    },
    {
        "id": 295892,
        "price": "317.19000000",
        "qty": "0.12000000",
        "quoteQty": "38.06280000",
        "time": 1653979777429,
        "isBuyerMaker": true,
        "isBestMatch": true
    },
    {
        "id": 295893,
        "price": "316.80000000",
        "qty": "5.56000000",
        "quoteQty": "1761.40800000",
        "time": 1653979796380,
        "isBuyerMaker": false,
        "isBestMatch": true
    },
    {
        "id": 295894,
        "price": "316.70000000",
        "qty": "6.07000000",
        "quoteQty": "1922.36900000",
        "time": 1653979816488,
        "isBuyerMaker": false,
        "isBestMatch": true
    },
    {
        "id": 295895,
        "price": "316.60000000",
        "qty": "7.46000000",
        "quoteQty": "2361.83600000",
        "time": 1653979838383,
        "isBuyerMaker": false,
        "isBestMatch": true
    },
    {
        "id": 295896,
        "price": "316.70000000",
        "qty": "7.39000000",
        "quoteQty": "2340.41300000",
        "time": 1653979839386,
        "isBuyerMaker": false,
        "isBestMatch": true
    },
    {
        "id": 295897,
        "price": "316.80000000",
        "qty": "1.60000000",
        "quoteQty": "506.88000000",
        "time": 1653979842364,
        "isBuyerMaker": false,
        "isBestMatch": true
    },
    {
        "id": 295898,
        "price": "316.70000000",
        "qty": "6.07000000",
        "quoteQty": "1922.36900000",
        "time": 1653979867484,
        "isBuyerMaker": false,
        "isBestMatch": true
    },
    {
        "id": 295899,
        "price": "316.70000000",
        "qty": "1.86000000",
        "quoteQty": "589.06200000",
        "time": 1653979867495,
        "isBuyerMaker": false,
        "isBestMatch": true
    },
    {
        "id": 295900,
        "price": "316.90000000",
        "qty": "8.08000000",
        "quoteQty": "2560.55200000",
        "time": 1653979868380,
        "isBuyerMaker": false,
        "isBestMatch": true
    },
    {
        "id": 295901,
        "price": "317.00000000",
        "qty": "5.05000000",
        "quoteQty": "1600.85000000",
        "time": 1653979871481,
        "isBuyerMaker": false,
        "isBestMatch": true
    },
    {
        "id": 295902,
        "price": "317.10000000",
        "qty": "7.23000000",
        "quoteQty": "2292.63300000",
        "time": 1653979873464,
        "isBuyerMaker": false,
        "isBestMatch": true
    },
    {
        "id": 295903,
        "price": "317.20000000",
        "qty": "6.37000000",
        "quoteQty": "2020.56400000",
        "time": 1653979877479,
        "isBuyerMaker": false,
        "isBestMatch": true
    },
    {
        "id": 295904,
        "price": "317.30000000",
        "qty": "6.06000000",
        "quoteQty": "1922.83800000",
        "time": 1653979879450,
        "isBuyerMaker": false,
        "isBestMatch": true
    },
    {
        "id": 295905,
        "price": "317.30000000",
        "qty": "6.94000000",
        "quoteQty": "2202.06200000",
        "time": 1653979889383,
        "isBuyerMaker": false,
        "isBestMatch": true
    },
    {
        "id": 295906,
        "price": "317.10000000",
        "qty": "5.43000000",
        "quoteQty": "1721.85300000",
        "time": 1653979924397,
        "isBuyerMaker": false,
        "isBestMatch": true
    },
    {
        "id": 295907,
        "price": "317.10000000",
        "qty": "6.09000000",
        "quoteQty": "1931.13900000",
        "time": 1653979938388,
        "isBuyerMaker": false,
        "isBestMatch": true
    },
    {
        "id": 295908,
        "price": "317.10000000",
        "qty": "6.31000000",
        "quoteQty": "2000.90100000",
        "time": 1653979957388,
        "isBuyerMaker": false,
        "isBestMatch": true
    },
    {
        "id": 295909,
        "price": "316.60000000",
        "qty": "1.60000000",
        "quoteQty": "506.56000000",
        "time": 1653980011869,
        "isBuyerMaker": true,
        "isBestMatch": true
    },
    {
        "id": 295910,
        "price": "316.70000000",
        "qty": "7.08000000",
        "quoteQty": "2242.23600000",
        "time": 1653980016502,
        "isBuyerMaker": false,
        "isBestMatch": true
    },
    {
        "id": 295911,
        "price": "316.80000000",
        "qty": "7.33000000",
        "quoteQty": "2322.14400000",
        "time": 1653980019390,
        "isBuyerMaker": false,
        "isBestMatch": true
    },
    {
        "id": 295912,
        "price": "316.90000000",
        "qty": "1.59000000",
        "quoteQty": "503.87100000",
        "time": 1653980021995,
        "isBuyerMaker": false,
        "isBestMatch": true
    },
    {
        "id": 295913,
        "price": "316.90000000",
        "qty": "7.12000000",
        "quoteQty": "2256.32800000",
        "time": 1653980027439,
        "isBuyerMaker": false,
        "isBestMatch": true
    },
    {
        "id": 295914,
        "price": "316.60000000",
        "qty": "6.54000000",
        "quoteQty": "2070.56400000",
        "time": 1653980096437,
        "isBuyerMaker": false,
        "isBestMatch": true
    },
    {
        "id": 295915,
        "price": "316.70000000",
        "qty": "5.94000000",
        "quoteQty": "1881.19800000",
        "time": 1653980110396,
        "isBuyerMaker": false,
        "isBestMatch": true
    },
    {
        "id": 295916,
        "price": "316.80000000",
        "qty": "1.89000000",
        "quoteQty": "598.75200000",
        "time": 1653980110396,
        "isBuyerMaker": false,
        "isBestMatch": true
    },
    {
        "id": 295917,
        "price": "316.90000000",
        "qty": "5.24000000",
        "quoteQty": "1660.55600000",
        "time": 1653980112393,
        "isBuyerMaker": false,
        "isBestMatch": true
    },
    {
        "id": 295918,
        "price": "316.80000000",
        "qty": "6.41000000",
        "quoteQty": "2030.68800000",
        "time": 1653980166507,
        "isBuyerMaker": false,
        "isBestMatch": true
    },
    {
        "id": 295919,
        "price": "316.90000000",
        "qty": "6.10000000",
        "quoteQty": "1933.09000000",
        "time": 1653980167730,
        "isBuyerMaker": false,
        "isBestMatch": true
    },
    {
        "id": 295920,
        "price": "316.90000000",
        "qty": "6.22000000",
        "quoteQty": "1971.11800000",
        "time": 1653980195398,
        "isBuyerMaker": false,
        "isBestMatch": true
    },
    {
        "id": 295921,
        "price": "317.00000000",
        "qty": "4.74000000",
        "quoteQty": "1502.58000000",
        "time": 1653980198400,
        "isBuyerMaker": false,
        "isBestMatch": true
    },
    {
        "id": 295922,
        "price": "316.90000000",
        "qty": "5.18000000",
        "quoteQty": "1641.54200000",
        "time": 1653980229590,
        "isBuyerMaker": false,
        "isBestMatch": true
    },
    {
        "id": 295923,
        "price": "317.00000000",
        "qty": "7.36000000",
        "quoteQty": "2333.12000000",
        "time": 1653980231544,
        "isBuyerMaker": false,
        "isBestMatch": true
    },
    {
        "id": 295924,
        "price": "317.10000000",
        "qty": "0.40000000",
        "quoteQty": "126.84000000",
        "time": 1653980231544,
        "isBuyerMaker": false,
        "isBestMatch": true
    },
    {
        "id": 295925,
        "price": "317.20000000",
        "qty": "5.36000000",
        "quoteQty": "1700.19200000",
        "time": 1653980233401,
        "isBuyerMaker": false,
        "isBestMatch": true
    },
    {
        "id": 295926,
        "price": "317.30000000",
        "qty": "6.02000000",
        "quoteQty": "1910.14600000",
        "time": 1653980250401,
        "isBuyerMaker": false,
        "isBestMatch": true
    },
    {
        "id": 295927,
        "price": "317.30000000",
        "qty": "7.76000000",
        "quoteQty": "2462.24800000",
        "time": 1653980281919,
        "isBuyerMaker": false,
        "isBestMatch": true
    },
    {
        "id": 295928,
        "price": "317.40000000",
        "qty": "5.14000000",
        "quoteQty": "1631.43600000",
        "time": 1653980286402,
        "isBuyerMaker": false,
        "isBestMatch": true
    },
    {
        "id": 295929,
        "price": "317.50000000",
        "qty": "7.25000000",
        "quoteQty": "2301.87500000",
        "time": 1653980297406,
        "isBuyerMaker": false,
        "isBestMatch": true
    },
    {
        "id": 295930,
        "price": "317.60000000",
        "qty": "5.33000000",
        "quoteQty": "1692.80800000",
        "time": 1653980325655,
        "isBuyerMaker": false,
        "isBestMatch": true
    },
    {
        "id": 295931,
        "price": "317.70000000",
        "qty": "4.76000000",
        "quoteQty": "1512.25200000",
        "time": 1653980329486,
        "isBuyerMaker": false,
        "isBestMatch": true
    },
    {
        "id": 295932,
        "price": "317.50000000",
        "qty": "0.66000000",
        "quoteQty": "209.55000000",
        "time": 1653980348701,
        "isBuyerMaker": true,
        "isBestMatch": true
    },
    {
        "id": 295933,
        "price": "317.40000000",
        "qty": "0.93000000",
        "quoteQty": "295.18200000",
        "time": 1653980348701,
        "isBuyerMaker": true,
        "isBestMatch": true
    },
    {
        "id": 295934,
        "price": "317.40000000",
        "qty": "5.74000000",
        "quoteQty": "1821.87600000",
        "time": 1653980400408,
        "isBuyerMaker": false,
        "isBestMatch": true
    },
    {
        "id": 295935,
        "price": "317.40000000",
        "qty": "3.40000000",
        "quoteQty": "1079.16000000",
        "time": 1653980400436,
        "isBuyerMaker": false,
        "isBestMatch": true
    },
    {
        "id": 295936,
        "price": "317.50000000",
        "qty": "1.58000000",
        "quoteQty": "501.65000000",
        "time": 1653980404045,
        "isBuyerMaker": false,
        "isBestMatch": true
    },
    {
        "id": 295937,
        "price": "317.20000000",
        "qty": "1.58000000",
        "quoteQty": "501.17600000",
        "time": 1653980413569,
        "isBuyerMaker": true,
        "isBestMatch": true
    },
    {
        "id": 295938,
        "price": "317.10000000",
        "qty": "5.49000000",
        "quoteQty": "1740.87900000",
        "time": 1653980420410,
        "isBuyerMaker": false,
        "isBestMatch": true
    },
    {
        "id": 295939,
        "price": "317.10000000",
        "qty": "0.85000000",
        "quoteQty": "269.53500000",
        "time": 1653980420433,
        "isBuyerMaker": false,
        "isBestMatch": true
    },
    {
        "id": 295940,
        "price": "317.30000000",
        "qty": "6.40000000",
        "quoteQty": "2030.72000000",
        "time": 1653980422408,
        "isBuyerMaker": false,
        "isBestMatch": true
    },
    {
        "id": 295941,
        "price": "317.40000000",
        "qty": "6.43000000",
        "quoteQty": "2040.88200000",
        "time": 1653980428478,
        "isBuyerMaker": false,
        "isBestMatch": true
    },
    {
        "id": 295942,
        "price": "317.50000000",
        "qty": "3.68000000",
        "quoteQty": "1168.40000000",
        "time": 1653980429551,
        "isBuyerMaker": false,
        "isBestMatch": true
    },
    {
        "id": 295943,
        "price": "317.60000000",
        "qty": "1.57000000",
        "quoteQty": "498.63200000",
        "time": 1653980430611,
        "isBuyerMaker": false,
        "isBestMatch": true
    },
    {
        "id": 295944,
        "price": "317.60000000",
        "qty": "5.27000000",
        "quoteQty": "1673.75200000",
        "time": 1653980432411,
        "isBuyerMaker": false,
        "isBestMatch": true
    },
    {
        "id": 295945,
        "price": "317.70000000",
        "qty": "5.67000000",
        "quoteQty": "1801.35900000",
        "time": 1653980437482,
        "isBuyerMaker": false,
        "isBestMatch": true
    },
    {
        "id": 295946,
        "price": "317.70000000",
        "qty": "7.65000000",
        "quoteQty": "2430.40500000",
        "time": 1653980447581,
        "isBuyerMaker": false,
        "isBestMatch": true
    },
    {
        "id": 295947,
        "price": "317.80000000",
        "qty": "6.49000000",
        "quoteQty": "2062.52200000",
        "time": 1653980462495,
        "isBuyerMaker": false,
        "isBestMatch": true
    },
    {
        "id": 295948,
        "price": "317.80000000",
        "qty": "6.45000000",
        "quoteQty": "2049.81000000",
        "time": 1653980468479,
        "isBuyerMaker": false,
        "isBestMatch": true
    },
    {
        "id": 295949,
        "price": "317.80000000",
        "qty": "0.45000000",
        "quoteQty": "143.01000000",
        "time": 1653980468506,
        "isBuyerMaker": false,
        "isBestMatch": true
    },
    {
        "id": 295950,
        "price": "317.82000000",
        "qty": "0.12000000",
        "quoteQty": "38.13840000",
        "time": 1653980469535,
        "isBuyerMaker": false,
        "isBestMatch": true
    },
    {
        "id": 295951,
        "price": "318.00000000",
        "qty": "7.46000000",
        "quoteQty": "2372.28000000",
        "time": 1653980471409,
        "isBuyerMaker": false,
        "isBestMatch": true
    },
    {
        "id": 295952,
        "price": "318.20000000",
        "qty": "5.85000000",
        "quoteQty": "1861.47000000",
        "time": 1653980484409,
        "isBuyerMaker": false,
        "isBestMatch": true
    },
    {
        "id": 295953,
        "price": "318.20000000",
        "qty": "7.26000000",
        "quoteQty": "2310.13200000",
        "time": 1653980492409,
        "isBuyerMaker": false,
        "isBestMatch": true
    },
    {
        "id": 295954,
        "price": "317.80000000",
        "qty": "1.57000000",
        "quoteQty": "498.94600000",
        "time": 1653980509666,
        "isBuyerMaker": true,
        "isBestMatch": true
    },
    {
        "id": 295955,
        "price": "317.70000000",
        "qty": "5.83000000",
        "quoteQty": "1852.19100000",
        "time": 1653980535413,
        "isBuyerMaker": false,
        "isBestMatch": true
    },
    {
        "id": 295956,
        "price": "317.80000000",
        "qty": "7.97000000",
        "quoteQty": "2532.86600000",
        "time": 1653980538480,
        "isBuyerMaker": false,
        "isBestMatch": true
    },
    {
        "id": 295957,
        "price": "317.90000000",
        "qty": "1.56000000",
        "quoteQty": "495.92400000",
        "time": 1653980541169,
        "isBuyerMaker": false,
        "isBestMatch": true
    },
    {
        "id": 295958,
        "price": "317.70000000",
        "qty": "6.43000000",
        "quoteQty": "2042.81100000",
        "time": 1653980549410,
        "isBuyerMaker": false,
        "isBestMatch": true
    },
    {
        "id": 295959,
        "price": "317.80000000",
        "qty": "6.33000000",
        "quoteQty": "2011.67400000",
        "time": 1653980550476,
        "isBuyerMaker": false,
        "isBestMatch": true
    },
    {
        "id": 295960,
        "price": "317.90000000",
        "qty": "7.35000000",
        "quoteQty": "2336.56500000",
        "time": 1653980557478,
        "isBuyerMaker": false,
        "isBestMatch": true
    },
    {
        "id": 295961,
        "price": "317.80000000",
        "qty": "5.48000000",
        "quoteQty": "1741.54400000",
        "time": 1653980589504,
        "isBuyerMaker": false,
        "isBestMatch": true
    },
    {
        "id": 295962,
        "price": "317.80000000",
        "qty": "5.57000000",
        "quoteQty": "1770.14600000",
        "time": 1653980604417,
        "isBuyerMaker": false,
        "isBestMatch": true
    },
    {
        "id": 295963,
        "price": "317.90000000",
        "qty": "5.67000000",
        "quoteQty": "1802.49300000",
        "time": 1653980610476,
        "isBuyerMaker": false,
        "isBestMatch": true
    },
    {
        "id": 295964,
        "price": "318.00000000",
        "qty": "5.92000000",
        "quoteQty": "1882.56000000",
        "time": 1653980623420,
        "isBuyerMaker": false,
        "isBestMatch": true
    },
    {
        "id": 295965,
        "price": "318.10000000",
        "qty": "1.25000000",
        "quoteQty": "397.62500000",
        "time": 1653980623420,
        "isBuyerMaker": false,
        "isBestMatch": true
    },
    {
        "id": 295966,
        "price": "318.20000000",
        "qty": "5.91000000",
        "quoteQty": "1880.56200000",
        "time": 1653980626415,
        "isBuyerMaker": false,
        "isBestMatch": true
    },
    {
        "id": 295967,
        "price": "318.20000000",
        "qty": "6.35000000",
        "quoteQty": "2020.57000000",
        "time": 1653980647418,
        "isBuyerMaker": false,
        "isBestMatch": true
    },
    {
        "id": 295968,
        "price": "318.30000000",
        "qty": "0.16000000",
        "quoteQty": "50.92800000",
        "time": 1653980647418,
        "isBuyerMaker": false,
        "isBestMatch": true
    },
    {
        "id": 295969,
        "price": "318.00000000",
        "qty": "1.56000000",
        "quoteQty": "496.08000000",
        "time": 1653980659353,
        "isBuyerMaker": true,
        "isBestMatch": true
    },
    {
        "id": 295970,
        "price": "318.10000000",
        "qty": "5.16000000",
        "quoteQty": "1641.39600000",
        "time": 1653980663418,
        "isBuyerMaker": false,
        "isBestMatch": true
    },
    {
        "id": 295971,
        "price": "318.20000000",
        "qty": "6.79000000",
        "quoteQty": "2160.57800000",
        "time": 1653980673507,
        "isBuyerMaker": false,
        "isBestMatch": true
    },
    {
        "id": 295972,
        "price": "318.30000000",
        "qty": "1.55000000",
        "quoteQty": "493.36500000",
        "time": 1653980676015,
        "isBuyerMaker": false,
        "isBestMatch": true
    },
    {
        "id": 295973,
        "price": "318.10000000",
        "qty": "6.39000000",
        "quoteQty": "2032.65900000",
        "time": 1653980690417,
        "isBuyerMaker": false,
        "isBestMatch": true
    },
    {
        "id": 295974,
        "price": "318.10000000",
        "qty": "1.55000000",
        "quoteQty": "493.05500000",
        "time": 1653980691016,
        "isBuyerMaker": true,
        "isBestMatch": true
    },
    {
        "id": 295975,
        "price": "318.20000000",
        "qty": "6.51000000",
        "quoteQty": "2071.48200000",
        "time": 1653980691525,
        "isBuyerMaker": false,
        "isBestMatch": true
    },
    {
        "id": 295976,
        "price": "318.10000000",
        "qty": "7.14000000",
        "quoteQty": "2271.23400000",
        "time": 1653980702575,
        "isBuyerMaker": false,
        "isBestMatch": true
    },
    {
        "id": 295977,
        "price": "318.10000000",
        "qty": "7.77000000",
        "quoteQty": "2471.63700000",
        "time": 1653980736419,
        "isBuyerMaker": false,
        "isBestMatch": true
    },
    {
        "id": 295978,
        "price": "318.20000000",
        "qty": "5.28000000",
        "quoteQty": "1680.09600000",
        "time": 1653980737420,
        "isBuyerMaker": false,
        "isBestMatch": true
    },
    {
        "id": 295979,
        "price": "318.30000000",
        "qty": "1.54000000",
        "quoteQty": "490.18200000",
        "time": 1653980739319,
        "isBuyerMaker": false,
        "isBestMatch": true
    },
    {
        "id": 295980,
        "price": "318.10000000",
        "qty": "4.75000000",
        "quoteQty": "1510.97500000",
        "time": 1653980754551,
        "isBuyerMaker": false,
        "isBestMatch": true
    },
    {
        "id": 295981,
        "price": "318.10000000",
        "qty": "6.42000000",
        "quoteQty": "2042.20200000",
        "time": 1653980768534,
        "isBuyerMaker": false,
        "isBestMatch": true
    },
    {
        "id": 295982,
        "price": "318.20000000",
        "qty": "8.11000000",
        "quoteQty": "2580.60200000",
        "time": 1653980770522,
        "isBuyerMaker": false,
        "isBestMatch": true
    },
    {
        "id": 295983,
        "price": "318.10000000",
        "qty": "6.07000000",
        "quoteQty": "1930.86700000",
        "time": 1653980795512,
        "isBuyerMaker": false,
        "isBestMatch": true
    },
    {
        "id": 295984,
        "price": "318.20000000",
        "qty": "5.91000000",
        "quoteQty": "1880.56200000",
        "time": 1653980801422,
        "isBuyerMaker": false,
        "isBestMatch": true
    },
    {
        "id": 295985,
        "price": "318.00000000",
        "qty": "5.10000000",
        "quoteQty": "1621.80000000",
        "time": 1653980834426,
        "isBuyerMaker": false,
        "isBestMatch": true
    },
    {
        "id": 295986,
        "price": "318.00000000",
        "qty": "6.26000000",
        "quoteQty": "1990.68000000",
        "time": 1653980848493,
        "isBuyerMaker": false,
        "isBestMatch": true
    },
    {
        "id": 295987,
        "price": "318.10000000",
        "qty": "6.20000000",
        "quoteQty": "1972.22000000",
        "time": 1653980871429,
        "isBuyerMaker": false,
        "isBestMatch": true
    },
    {
        "id": 295988,
        "price": "318.10000000",
        "qty": "8.05000000",
        "quoteQty": "2560.70500000",
        "time": 1653980888583,
        "isBuyerMaker": false,
        "isBestMatch": true
    },
    {
        "id": 295989,
        "price": "318.10000000",
        "qty": "6.61000000",
        "quoteQty": "2102.64100000",
        "time": 1653980911583,
        "isBuyerMaker": false,
        "isBestMatch": true
    },
    {
        "id": 295990,
        "price": "318.00000000",
        "qty": "6.89000000",
        "quoteQty": "2191.02000000",
        "time": 1653980988517,
        "isBuyerMaker": false,
        "isBestMatch": true
    },
    {
        "id": 295991,
        "price": "318.10000000",
        "qty": "6.17000000",
        "quoteQty": "1962.67700000",
        "time": 1653980995829,
        "isBuyerMaker": false,
        "isBestMatch": true
    },
    {
        "id": 295992,
        "price": "318.10000000",
        "qty": "0.50000000",
        "quoteQty": "159.05000000",
        "time": 1653981049773,
        "isBuyerMaker": false,
        "isBestMatch": true
    },
    {
        "id": 295993,
        "price": "318.10000000",
        "qty": "6.39000000",
        "quoteQty": "2032.65900000",
        "time": 1653981053444,
        "isBuyerMaker": false,
        "isBestMatch": true
    },
    {
        "id": 295994,
        "price": "318.10000000",
        "qty": "5.88000000",
        "quoteQty": "1870.42800000",
        "time": 1653981067435,
        "isBuyerMaker": false,
        "isBestMatch": true
    },
    {
        "id": 295995,
        "price": "318.20000000",
        "qty": "8.30000000",
        "quoteQty": "2641.06000000",
        "time": 1653981068689,
        "isBuyerMaker": false,
        "isBestMatch": true
    },
    {
        "id": 295996,
        "price": "318.30000000",
        "qty": "7.76000000",
        "quoteQty": "2470.00800000",
        "time": 1653981069534,
        "isBuyerMaker": false,
        "isBestMatch": true
    },
    {
        "id": 295997,
        "price": "318.40000000",
        "qty": "7.67000000",
        "quoteQty": "2442.12800000",
        "time": 1653981078514,
        "isBuyerMaker": false,
        "isBestMatch": true
    },
    {
        "id": 295998,
        "price": "318.40000000",
        "qty": "5.60000000",
        "quoteQty": "1783.04000000",
        "time": 1653981088568,
        "isBuyerMaker": false,
        "isBestMatch": true
    },
    {
        "id": 295999,
        "price": "318.30000000",
        "qty": "4.91000000",
        "quoteQty": "1562.85300000",
        "time": 1653981135440,
        "isBuyerMaker": false,
        "isBestMatch": true
    },
    {
        "id": 296000,
        "price": "318.00000000",
        "qty": "1.54000000",
        "quoteQty": "489.72000000",
        "time": 1653981159618,
        "isBuyerMaker": true,
        "isBestMatch": true
    },
    {
        "id": 296001,
        "price": "318.00000000",
        "qty": "8.59000000",
        "quoteQty": "2731.62000000",
        "time": 1653981178571,
        "isBuyerMaker": false,
        "isBestMatch": true
    },
    {
        "id": 296002,
        "price": "317.90000000",
        "qty": "6.67000000",
        "quoteQty": "2120.39300000",
        "time": 1653981241522,
        "isBuyerMaker": false,
        "isBestMatch": true
    },
    {
        "id": 296003,
        "price": "318.00000000",
        "qty": "6.48000000",
        "quoteQty": "2060.64000000",
        "time": 1653981254445,
        "isBuyerMaker": false,
        "isBestMatch": true
    },
    {
        "id": 296004,
        "price": "318.10000000",
        "qty": "9.06000000",
        "quoteQty": "2881.98600000",
        "time": 1653981256443,
        "isBuyerMaker": false,
        "isBestMatch": true
    },
    {
        "id": 296005,
        "price": "318.20000000",
        "qty": "1.53000000",
        "quoteQty": "486.84600000",
        "time": 1653981259138,
        "isBuyerMaker": false,
        "isBestMatch": true
    },
    {
        "id": 296006,
        "price": "318.20000000",
        "qty": "4.57000000",
        "quoteQty": "1454.17400000",
        "time": 1653981260447,
        "isBuyerMaker": false,
        "isBestMatch": true
    },
    {
        "id": 296007,
        "price": "318.30000000",
        "qty": "6.54000000",
        "quoteQty": "2081.68200000",
        "time": 1653981262449,
        "isBuyerMaker": false,
        "isBestMatch": true
    },
    {
        "id": 296008,
        "price": "318.40000000",
        "qty": "5.19000000",
        "quoteQty": "1652.49600000",
        "time": 1653981276448,
        "isBuyerMaker": false,
        "isBestMatch": true
    },
    {
        "id": 296009,
        "price": "318.40000000",
        "qty": "4.72000000",
        "quoteQty": "1502.84800000",
        "time": 1653981306578,
        "isBuyerMaker": false,
        "isBestMatch": true
    },
    {
        "id": 296010,
        "price": "318.30000000",
        "qty": "5.25000000",
        "quoteQty": "1671.07500000",
        "time": 1653981311450,
        "isBuyerMaker": false,
        "isBestMatch": true
    },
    {
        "id": 296011,
        "price": "318.30000000",
        "qty": "5.28000000",
        "quoteQty": "1680.62400000",
        "time": 1653981368582,
        "isBuyerMaker": false,
        "isBestMatch": true
    },
    {
        "id": 296012,
        "price": "318.10000000",
        "qty": "1.53000000",
        "quoteQty": "486.69300000",
        "time": 1653981400254,
        "isBuyerMaker": true,
        "isBestMatch": true
    },
    {
        "id": 296013,
        "price": "318.00000000",
        "qty": "5.38000000",
        "quoteQty": "1710.84000000",
        "time": 1653981423452,
        "isBuyerMaker": false,
        "isBestMatch": true
    },
    {
        "id": 296014,
        "price": "317.90000000",
        "qty": "4.98000000",
        "quoteQty": "1583.14200000",
        "time": 1653981451547,
        "isBuyerMaker": false,
        "isBestMatch": true
    },
    {
        "id": 296015,
        "price": "317.70000000",
        "qty": "6.74000000",
        "quoteQty": "2141.29800000",
        "time": 1653981524460,
        "isBuyerMaker": false,
        "isBestMatch": true
    },
    {
        "id": 296016,
        "price": "317.60000000",
        "qty": "5.39000000",
        "quoteQty": "1711.86400000",
        "time": 1653981542468,
        "isBuyerMaker": false,
        "isBestMatch": true
    },
    {
        "id": 296017,
        "price": "317.70000000",
        "qty": "5.80000000",
        "quoteQty": "1842.66000000",
        "time": 1653981544455,
        "isBuyerMaker": false,
        "isBestMatch": true
    },
    {
        "id": 296018,
        "price": "317.80000000",
        "qty": "5.35000000",
        "quoteQty": "1700.23000000",
        "time": 1653981549643,
        "isBuyerMaker": false,
        "isBestMatch": true
    },
    {
        "id": 296019,
        "price": "317.90000000",
        "qty": "4.94000000",
        "quoteQty": "1570.42600000",
        "time": 1653981550527,
        "isBuyerMaker": false,
        "isBestMatch": true
    },
    {
        "id": 296020,
        "price": "318.00000000",
        "qty": "1.53000000",
        "quoteQty": "486.54000000",
        "time": 1653981552350,
        "isBuyerMaker": false,
        "isBestMatch": true
    },
    {
        "id": 296021,
        "price": "318.00000000",
        "qty": "5.93000000",
        "quoteQty": "1885.74000000",
        "time": 1653981558517,
        "isBuyerMaker": false,
        "isBestMatch": true
    },
    {
        "id": 296022,
        "price": "317.80000000",
        "qty": "0.10000000",
        "quoteQty": "31.78000000",
        "time": 1653981605715,
        "isBuyerMaker": true,
        "isBestMatch": true
    },
    {
        "id": 296023,
        "price": "317.90000000",
        "qty": "4.82000000",
        "quoteQty": "1532.27800000",
        "time": 1653981612462,
        "isBuyerMaker": false,
        "isBestMatch": true
    },
    {
        "id": 296024,
        "price": "318.00000000",
        "qty": "8.53000000",
        "quoteQty": "2712.54000000",
        "time": 1653981616461,
        "isBuyerMaker": false,
        "isBestMatch": true
    },
    {
        "id": 296025,
        "price": "318.10000000",
        "qty": "6.48000000",
        "quoteQty": "2061.28800000",
        "time": 1653981658578,
        "isBuyerMaker": false,
        "isBestMatch": true
    },
    {
        "id": 296026,
        "price": "318.20000000",
        "qty": "6.98000000",
        "quoteQty": "2221.03600000",
        "time": 1653981660596,
        "isBuyerMaker": false,
        "isBestMatch": true
    },
    {
        "id": 296027,
        "price": "318.30000000",
        "qty": "6.48000000",
        "quoteQty": "2062.58400000",
        "time": 1653981665541,
        "isBuyerMaker": false,
        "isBestMatch": true
    },
    {
        "id": 296028,
        "price": "318.40000000",
        "qty": "6.10000000",
        "quoteQty": "1942.24000000",
        "time": 1653981666463,
        "isBuyerMaker": false,
        "isBestMatch": true
    },
    {
        "id": 296029,
        "price": "318.45000000",
        "qty": "0.12000000",
        "quoteQty": "38.21400000",
        "time": 1653981668555,
        "isBuyerMaker": false,
        "isBestMatch": true
    },
    {
        "id": 296030,
        "price": "318.50000000",
        "qty": "6.35000000",
        "quoteQty": "2022.47500000",
        "time": 1653981668555,
        "isBuyerMaker": false,
        "isBestMatch": true
    },
    {
        "id": 296031,
        "price": "318.60000000",
        "qty": "6.60000000",
        "quoteQty": "2102.76000000",
        "time": 1653981682465,
        "isBuyerMaker": false,
        "isBestMatch": true
    },
    {
        "id": 296032,
        "price": "318.70000000",
        "qty": "5.81000000",
        "quoteQty": "1851.64700000",
        "time": 1653981685536,
        "isBuyerMaker": false,
        "isBestMatch": true
    },
    {
        "id": 296033,
        "price": "318.70000000",
        "qty": "7.03000000",
        "quoteQty": "2240.46100000",
        "time": 1653981702465,
        "isBuyerMaker": false,
        "isBestMatch": true
    },
    {
        "id": 296034,
        "price": "318.80000000",
        "qty": "6.06000000",
        "quoteQty": "1931.92800000",
        "time": 1653981703467,
        "isBuyerMaker": false,
        "isBestMatch": true
    },
    {
        "id": 296035,
        "price": "318.50000000",
        "qty": "1.53000000",
        "quoteQty": "487.30500000",
        "time": 1653981754132,
        "isBuyerMaker": true,
        "isBestMatch": true
    },
    {
        "id": 296036,
        "price": "318.50000000",
        "qty": "5.03000000",
        "quoteQty": "1602.05500000",
        "time": 1653981783466,
        "isBuyerMaker": false,
        "isBestMatch": true
    },
    {
        "id": 296037,
        "price": "318.60000000",
        "qty": "6.13000000",
        "quoteQty": "1953.01800000",
        "time": 1653981784750,
        "isBuyerMaker": false,
        "isBestMatch": true
    },
    {
        "id": 296038,
        "price": "318.50000000",
        "qty": "5.22000000",
        "quoteQty": "1662.57000000",
        "time": 1653981801543,
        "isBuyerMaker": false,
        "isBestMatch": true
    },
    {
        "id": 296039,
        "price": "318.20000000",
        "qty": "5.91000000",
        "quoteQty": "1880.56200000",
        "time": 1653981885621,
        "isBuyerMaker": false,
        "isBestMatch": true
    },
    {
        "id": 296040,
        "price": "318.30000000",
        "qty": "4.78000000",
        "quoteQty": "1521.47400000",
        "time": 1653981893545,
        "isBuyerMaker": false,
        "isBestMatch": true
    },
    {
        "id": 296041,
        "price": "318.40000000",
        "qty": "1.53000000",
        "quoteQty": "487.15200000",
        "time": 1653981895970,
        "isBuyerMaker": false,
        "isBestMatch": true
    },
    {
        "id": 296042,
        "price": "318.30000000",
        "qty": "7.20000000",
        "quoteQty": "2291.76000000",
        "time": 1653981904533,
        "isBuyerMaker": false,
        "isBestMatch": true
    },
    {
        "id": 296043,
        "price": "318.00000000",
        "qty": "1.53000000",
        "quoteQty": "486.54000000",
        "time": 1653981924782,
        "isBuyerMaker": true,
        "isBestMatch": true
    },
    {
        "id": 296044,
        "price": "318.10000000",
        "qty": "6.76000000",
        "quoteQty": "2150.35600000",
        "time": 1653981927707,
        "isBuyerMaker": false,
        "isBestMatch": true
    },
    {
        "id": 296045,
        "price": "318.10000000",
        "qty": "1.07000000",
        "quoteQty": "340.36700000",
        "time": 1653981927720,
        "isBuyerMaker": false,
        "isBestMatch": true
    },
    {
        "id": 296046,
        "price": "318.30000000",
        "qty": "6.67000000",
        "quoteQty": "2123.06100000",
        "time": 1653981929476,
        "isBuyerMaker": false,
        "isBestMatch": true
    },
    {
        "id": 296047,
        "price": "318.40000000",
        "qty": "4.32000000",
        "quoteQty": "1375.48800000",
        "time": 1653981932543,
        "isBuyerMaker": false,
        "isBestMatch": true
    },
    {
        "id": 296048,
        "price": "318.40000000",
        "qty": "1.57000000",
        "quoteQty": "499.88800000",
        "time": 1653981932699,
        "isBuyerMaker": true,
        "isBestMatch": true
    },
    {
        "id": 296049,
        "price": "318.50000000",
        "qty": "1.52000000",
        "quoteQty": "484.12000000",
        "time": 1653981934968,
        "isBuyerMaker": false,
        "isBestMatch": true
    },
    {
        "id": 296050,
        "price": "318.50000000",
        "qty": "5.94000000",
        "quoteQty": "1891.89000000",
        "time": 1653981951554,
        "isBuyerMaker": false,
        "isBestMatch": true
    },
    {
        "id": 296051,
        "price": "318.60000000",
        "qty": "5.44000000",
        "quoteQty": "1733.18400000",
        "time": 1653981952755,
        "isBuyerMaker": false,
        "isBestMatch": true
    },
    {
        "id": 296052,
        "price": "318.70000000",
        "qty": "7.79000000",
        "quoteQty": "2482.67300000",
        "time": 1653981953559,
        "isBuyerMaker": false,
        "isBestMatch": true
    },
    {
        "id": 296053,
        "price": "318.60000000",
        "qty": "6.13000000",
        "quoteQty": "1953.01800000",
        "time": 1653981966477,
        "isBuyerMaker": false,
        "isBestMatch": true
    },
    {
        "id": 296054,
        "price": "318.60000000",
        "qty": "5.34000000",
        "quoteQty": "1701.32400000",
        "time": 1653982047483,
        "isBuyerMaker": false,
        "isBestMatch": true
    },
    {
        "id": 296055,
        "price": "318.70000000",
        "qty": "6.31000000",
        "quoteQty": "2010.99700000",
        "time": 1653982120482,
        "isBuyerMaker": false,
        "isBestMatch": true
    },
    {
        "id": 296056,
        "price": "318.80000000",
        "qty": "6.28000000",
        "quoteQty": "2002.06400000",
        "time": 1653982146604,
        "isBuyerMaker": false,
        "isBestMatch": true
    },
    {
        "id": 296057,
        "price": "318.60000000",
        "qty": "1.52000000",
        "quoteQty": "484.27200000",
        "time": 1653982172464,
        "isBuyerMaker": true,
        "isBestMatch": true
    },
    {
        "id": 296058,
        "price": "318.70000000",
        "qty": "5.15000000",
        "quoteQty": "1641.30500000",
        "time": 1653982183547,
        "isBuyerMaker": false,
        "isBestMatch": true
    },
    {
        "id": 296059,
        "price": "318.80000000",
        "qty": "4.99000000",
        "quoteQty": "1590.81200000",
        "time": 1653982197489,
        "isBuyerMaker": false,
        "isBestMatch": true
    },
    {
        "id": 296060,
        "price": "318.70000000",
        "qty": "7.35000000",
        "quoteQty": "2342.44500000",
        "time": 1653982207648,
        "isBuyerMaker": false,
        "isBestMatch": true
    },
    {
        "id": 296061,
        "price": "318.50000000",
        "qty": "8.42000000",
        "quoteQty": "2681.77000000",
        "time": 1653982250568,
        "isBuyerMaker": false,
        "isBestMatch": true
    },
    {
        "id": 296062,
        "price": "318.40000000",
        "qty": "5.63000000",
        "quoteQty": "1792.59200000",
        "time": 1653982284491,
        "isBuyerMaker": false,
        "isBestMatch": true
    },
    {
        "id": 296063,
        "price": "318.40000000",
        "qty": "4.81000000",
        "quoteQty": "1531.50400000",
        "time": 1653982306691,
        "isBuyerMaker": false,
        "isBestMatch": true
    },
    {
        "id": 296064,
        "price": "318.50000000",
        "qty": "6.76000000",
        "quoteQty": "2153.06000000",
        "time": 1653982309571,
        "isBuyerMaker": false,
        "isBestMatch": true
    },
    {
        "id": 296065,
        "price": "318.60000000",
        "qty": "7.19000000",
        "quoteQty": "2290.73400000",
        "time": 1653982338687,
        "isBuyerMaker": false,
        "isBestMatch": true
    },
    {
        "id": 296066,
        "price": "318.50000000",
        "qty": "5.97000000",
        "quoteQty": "1901.44500000",
        "time": 1653982401565,
        "isBuyerMaker": false,
        "isBestMatch": true
    },
    {
        "id": 296067,
        "price": "318.60000000",
        "qty": "6.00000000",
        "quoteQty": "1911.60000000",
        "time": 1653982436624,
        "isBuyerMaker": false,
        "isBestMatch": true
    },
    {
        "id": 296068,
        "price": "318.10000000",
        "qty": "7.33000000",
        "quoteQty": "2331.67300000",
        "time": 1653982519504,
        "isBuyerMaker": false,
        "isBestMatch": true
    },
    {
        "id": 296069,
        "price": "318.10000000",
        "qty": "5.38000000",
        "quoteQty": "1711.37800000",
        "time": 1653982554682,
        "isBuyerMaker": false,
        "isBestMatch": true
    },
    {
        "id": 296070,
        "price": "318.00000000",
        "qty": "4.72000000",
        "quoteQty": "1500.96000000",
        "time": 1653982618514,
        "isBuyerMaker": false,
        "isBestMatch": true
    },
    {
        "id": 296071,
        "price": "318.10000000",
        "qty": "5.29000000",
        "quoteQty": "1682.74900000",
        "time": 1653982620607,
        "isBuyerMaker": false,
        "isBestMatch": true
    },
    {
        "id": 296072,
        "price": "318.20000000",
        "qty": "5.50000000",
        "quoteQty": "1750.10000000",
        "time": 1653982623509,
        "isBuyerMaker": false,
        "isBestMatch": true
    },
    {
        "id": 296073,
        "price": "318.30000000",
        "qty": "1.52000000",
        "quoteQty": "483.81600000",
        "time": 1653982626502,
        "isBuyerMaker": false,
        "isBestMatch": true
    },
    {
        "id": 296074,
        "price": "318.30000000",
        "qty": "5.90000000",
        "quoteQty": "1877.97000000",
        "time": 1653982634589,
        "isBuyerMaker": false,
        "isBestMatch": true
    },
    {
        "id": 296075,
        "price": "318.40000000",
        "qty": "4.90000000",
        "quoteQty": "1560.16000000",
        "time": 1653982663594,
        "isBuyerMaker": false,
        "isBestMatch": true
    },
    {
        "id": 296076,
        "price": "318.30000000",
        "qty": "5.50000000",
        "quoteQty": "1750.65000000",
        "time": 1653982709513,
        "isBuyerMaker": false,
        "isBestMatch": true
    },
    {
        "id": 296077,
        "price": "318.40000000",
        "qty": "6.95000000",
        "quoteQty": "2212.88000000",
        "time": 1653982716514,
        "isBuyerMaker": false,
        "isBestMatch": true
    },
    {
        "id": 296078,
        "price": "318.20000000",
        "qty": "6.82000000",
        "quoteQty": "2170.12400000",
        "time": 1653982750669,
        "isBuyerMaker": false,
        "isBestMatch": true
    },
    {
        "id": 296079,
        "price": "318.30000000",
        "qty": "5.97000000",
        "quoteQty": "1900.25100000",
        "time": 1653982760573,
        "isBuyerMaker": false,
        "isBestMatch": true
    },
    {
        "id": 296080,
        "price": "318.30000000",
        "qty": "4.78000000",
        "quoteQty": "1521.47400000",
        "time": 1653982804749,
        "isBuyerMaker": false,
        "isBestMatch": true
    },
    {
        "id": 296081,
        "price": "318.40000000",
        "qty": "4.72000000",
        "quoteQty": "1502.84800000",
        "time": 1653982812644,
        "isBuyerMaker": false,
        "isBestMatch": true
    },
    {
        "id": 296082,
        "price": "318.30000000",
        "qty": "8.83000000",
        "quoteQty": "2810.58900000",
        "time": 1653982861676,
        "isBuyerMaker": false,
        "isBestMatch": true
    },
    {
        "id": 296083,
        "price": "318.40000000",
        "qty": "6.91000000",
        "quoteQty": "2200.14400000",
        "time": 1653982867729,
        "isBuyerMaker": false,
        "isBestMatch": true
    },
    {
        "id": 296084,
        "price": "318.20000000",
        "qty": "5.35000000",
        "quoteQty": "1702.37000000",
        "time": 1653982977735,
        "isBuyerMaker": false,
        "isBestMatch": true
    },
    {
        "id": 296085,
        "price": "318.30000000",
        "qty": "6.23000000",
        "quoteQty": "1983.00900000",
        "time": 1653982989527,
        "isBuyerMaker": false,
        "isBestMatch": true
    },
    {
        "id": 296086,
        "price": "318.20000000",
        "qty": "4.75000000",
        "quoteQty": "1511.45000000",
        "time": 1653983072530,
        "isBuyerMaker": false,
        "isBestMatch": true
    },
    {
        "id": 296087,
        "price": "318.30000000",
        "qty": "5.25000000",
        "quoteQty": "1671.07500000",
        "time": 1653983093622,
        "isBuyerMaker": false,
